% Encoding: UTF-8

@Misc{DL_SMILES,
  Title                    = {Daylight Smiles},
  HowPublished             = {\url{http://daylight.com/dayhtml_tutorials/languages/smiles/}},
  Note                     = {Accessed: 2016-12-01}
}
@Misc{DL_SMARTS,
  Title                    = {Daylight Smarts},
  HowPublished             = {\url{http://www.daylight.com/dayhtml/doc/theory/theory.smarts.html}},
  Note                     = {Accessed: 2016-12-01}
}
@Misc{DL_SMIRKS,
  Title                    = {Daylight Smirks},
  HowPublished             = {\url{http://www.daylight.com/dayhtml/doc/theory/theory.smirks.html}},
  Note                     = {Accessed: 2016-12-01}
}
