% Encoding: UTF-8

@article{brown1998chemoinformatics,
  title={Chemoinformatics: what is it and how does it impact drug discovery},
  author={Brown, Frank K and others},
  journal={Annual reports in medicinal chemistry},
  volume={33},
  pages={375--384},
  year={1998},
  publisher={ACADEMIC PRESS INC LTD}
}

@article{RBCF43904,
	author = {Patrícia Amaral e Gilda Neves e Fabiane Farias e Vera Eifler-Lima},
	title = {Química combinatória: moderna ferramenta para a obtenção de candidatos a protótipos de novos fármacos},
	journal = {Revista Brasileira de Ciências Farmacêuticas},
	volume = {39},
	number = {4},
	year = {2003},
	keywords = {Química Combinatória;Síntese Orgânica em Fase Sólida;Planejamento Racional de Fármacos;Química Medicinal},
	abstract = {A Química Combinatória (QC) é atualmente uma das mais promissoras ferramentas para a descoberta e o desenvolvimento de novas moléculas com potencialidades terapêuticas. Nesta metodologia de síntese os produtos são formados simultaneamente e podem ser testados biologicamente em uma só vez, seja em forma de misturas ou separadamente. A principal meta desta nova metodologia é reduzir o tempo necessário para a obtenção de um novo fármaco. A síntese de quimiotecas pode ser realizada através da utilização de polímeros insolúveis, solúveis ou pela tradicional síntese em solução, sendo que cada uma delas apresenta características que podem ser vantajosas ou não, dependendo da metodologia utilizada. O desenvolvimento de técnicas de high throughput screening (HTS) devido às suas características peculiares necessita de tempo, razão pela qual a síntese de quimiotecas pequenas e racionais é enfatizada.},
	issn = {1809-4562},	pages = {351--363},
  doi = {10.1590/S1516-93322003000400002},
	url = {http://www.revistas.usp.br/rbcf/article/view/43904}
}

@article{ZINC,
  author = {Irwin, John J. and Sterling, Teague and Mysinger, Michael M. and Bolstad, Erin S. and Coleman, Ryan G.},
  title = {ZINC: A Free Tool to Discover Chemistry for Biology},
  journal = {Journal of Chemical Information and Modeling},
  volume = {52},
  number = {7},
  pages = {1757-1768},
  year = {2012},
  doi = {10.1021/ci3001277},
  note ={PMID: 22587354},
  URL = {
    http://dx.doi.org/10.1021/ci3001277
  },
  eprint = {
    http://dx.doi.org/10.1021/ci3001277
  }
}



@Misc{DL_SMILES,
  Title                    = {Daylight Smiles},
  HowPublished             = {\url{http://daylight.com/dayhtml_tutorials/languages/smiles/}},
  Note                     = {Accessed: 2016-12-01}
}
@Misc{DL_SMARTS,
  Title                    = {Daylight Smarts},
  HowPublished             = {\url{http://www.daylight.com/dayhtml/doc/theory/theory.smarts.html}},
  Note                     = {Accessed: 2016-12-01}
}
@Misc{DL_SMIRKS,
  Title                    = {Daylight Smirks},
  HowPublished             = {\url{http://www.daylight.com/dayhtml/doc/theory/theory.smirks.html}},
  Note                     = {Accessed: 2016-12-01}
}
@Misc{OPEN_BABEL,
  Title                    = {Open Babel: The Open Source Chemistry Toolbox},
  HowPublished             = {\url{http://openbabel.org/wiki/Main_Page}},
  Note                     = {Accessed: 2016-12-01}
}
@Misc{PYBEL,
  Title                    = {Pybel — Open Babel v2.3.1 documentation},
  HowPublished             = {\url{https://openbabel.org/docs/dev/UseTheLibrary/Python_Pybel.html}},
  Note                     = {Accessed: 2016-12-01}
}
@Misc{RUBABEL,
  Title                    = {Ruby interface to the OpenBabel ruby bindings},
  HowPublished             = {\url{https://github.com/princelab/rubabel}},
  Note                     = {Accessed: 2016-12-01}
}
@Misc{RDKIT,
  Title                    = {RDKit: Open-Source Cheminformatics Software},
  HowPublished             = {\url{http://www.rdkit.org/}},
  Note                     = {Accessed: 2016-12-01}
}
@Misc{BIOPY,
  Title                    = {BioPython},
  HowPublished             = {\url{http://biopython.org/}},
  Note                     = {Accessed: 2016-12-01}
}
}
@Misc{RING_NUMBER,
  Title                    = {Molecules ring number implementations in different chem toolkits},
  HowPublished             = {\url{http://ctr.wikia.com/wiki/Ring_counts_in_a_SMILES_file}},
  Note                     = {Accessed: 2016-12-01}
}

@article{alliance2001agile,
  title={Agile manifesto},
  author={Alliance, Agile},
  journal={Online at http://www. agilemanifesto. org},
  volume={6},
  number={1},
  year={2001}
}

@article{schwaber2011scrum,
  title={The scrum guide},
  author={Schwaber, Ken and Sutherland, Jeff},
  journal={Scrum Alliance},
  year={2011}
}

@article{westbrook2003pdb,
  title={The PDB format, mmCIF formats, and other data formats},
  author={Westbrook, John D and Fitzgerald, Paula},
  journal={Structural Bioinformatics, Volume 44},
  pages={159--179},
  year={2003},
  publisher={Wiley Online Library}
}

### acho que esse eh melhor https://pdfs.semanticscholar.org/2259/bd461296896ab753f9c1c089ca76ea07473b.pdf
@article{wildman1999prediction,
  title={Prediction of physicochemical parameters by atomic contributions},
  author={Wildman, Scott A and Crippen, Gordon M},
  journal={Journal of chemical information and computer sciences},
  volume={39},
  number={5},
  pages={868--873},
  year={1999},
  publisher={ACS Publications}
}
